@inproceedings{Radermacher:2011,
 author = {Radermacher, Alex D. and Walia, Gursimran S.},
 title = {Investigating the Effective Implementation of Pair Programming: An Empirical Investigation},
 booktitle = {Proceedings of the 42Nd ACM Technical Symposium on Computer Science Education},
 series = {SIGCSE '11},
 year = {2011},
 isbn = {978-1-4503-0500-6},
 location = {Dallas, TX, USA},
 pages = {655--660},
 numpages = {6},
 url = {http://doi.acm.org.ezproxy.falmouth.ac.uk/10.1145/1953163.1953346},
 doi = {10.1145/1953163.1953346},
 acmid = {1953346},
 publisher = {ACM},
 address = {New York, NY, USA},
 keywords = {pair programming},
} 

@inproceedings{Plonka:2012,
 author = {Plonka, Laura and van der Linden, Janet},
 title = {Why Developers Don'T Pair More Often},
 booktitle = {Proceedings of the 5th International Workshop on Co-operative and Human Aspects of Software Engineering},
 series = {CHASE '12},
 year = {2012},
 isbn = {978-1-4673-1824-2},
 location = {Zurich, Switzerland},
 pages = {123--125},
 numpages = {3},
 url = {http://dl.acm.org.ezproxy.falmouth.ac.uk/citation.cfm?id=2663638.2663664},
 acmid = {2663664},
 publisher = {IEEE Press},
 address = {Piscataway, NJ, USA},
 keywords = {agile software development, empirical study, pair programming},
} 

@inproceedings{Domino:2003,
 author = {Domino, Madeline Ann and Collins, Rosann Webb and Hevner, Alan R. and Cohen, Cynthia F.},
 title = {Conflict in Collaborative Software Development},
 booktitle = {Proceedings of the 2003 SIGMIS Conference on Computer Personnel Research: Freedom in Philadelphia--leveraging Differences and Diversity in the IT Workforce},
 series = {SIGMIS CPR '03},
 year = {2003},
 isbn = {1-58113-666-8},
 location = {Philadelphia, Pennsylvania},
 pages = {44--51},
 numpages = {8},
 url = {http://doi.acm.org.ezproxy.falmouth.ac.uk/10.1145/761849.761856},
 doi = {10.1145/761849.761856},
 acmid = {761856},
 publisher = {ACM},
 address = {New York, NY, USA},
 keywords = {agile methods, collaborative software development, conflict, pair programming},
} 

@inproceedings{Hofer:2008,
 author = {H\"{o}fer, Andreas},
 title = {Video Analysis of Pair Programming},
 booktitle = {Proceedings of the 2008 International Workshop on Scrutinizing Agile Practices or Shoot-out at the Agile Corral},
 series = {APOS '08},
 year = {2008},
 isbn = {978-1-60558-021-0},
 location = {Leipzig, Germany},
 pages = {37--41},
 numpages = {5},
 url = {http://doi.acm.org.ezproxy.falmouth.ac.uk/10.1145/1370143.1370151},
 doi = {10.1145/1370143.1370151},
 acmid = {1370151},
 publisher = {ACM},
 address = {New York, NY, USA},
 keywords = {driver and navigator, input device control, pair programming, students},
} 

@article{Sherrell:2006,
 author = {Sherrell, Linda B. and Robertson, Jeff J.},
 title = {Pair Programming and Agile Software Development: Experiences in a College Setting},
 journal = {J. Comput. Sci. Coll.},
 issue_date = {December 2006},
 volume = {22},
 number = {2},
 month = dec,
 year = {2006},
 issn = {1937-4771},
 pages = {145--153},
 numpages = {9},
 url = {http://dl.acm.org.ezproxy.falmouth.ac.uk/citation.cfm?id=1181901.1181927},
 acmid = {1181927},
 publisher = {Consortium for Computing Sciences in Colleges},
 address = {USA},
} 

@inproceedings{Hulkko:2005,
 author = {Hulkko, Hanna and Abrahamsson, Pekka},
 title = {A Multiple Case Study on the Impact of Pair Programming on Product Quality},
 booktitle = {Proceedings of the 27th International Conference on Software Engineering},
 series = {ICSE '05},
 year = {2005},
 isbn = {1-58113-963-2},
 location = {St. Louis, MO, USA},
 pages = {495--504},
 numpages = {10},
 url = {http://doi.acm.org.ezproxy.falmouth.ac.uk/10.1145/1062455.1062545},
 doi = {10.1145/1062455.1062545},
 acmid = {1062545},
 publisher = {ACM},
 address = {New York, NY, USA},
 keywords = {agile software development, empirical software engineering, extreme programming, productivity, software quality},
} 